@article{Berberich_2021,
	year = 2021,
	publisher = {Institute of Electrical and Electronics Engineers ({IEEE})},
	author = {Julian Berberich and Johannes Kohler and Matthias A. Muller and Frank Allgower},
	title = {Data-Driven Model Predictive Control With Stability and Robustness Guarantees},
	journal = {{IEEE} Transactions on Automatic Control}
}

@misc{kamthe2018,
      title={Data-Efficient Reinforcement Learning with Probabilistic Model Predictive Control}, 
      author={Sanket Kamthe and Marc Peter Deisenroth},
      year={2018}
}
@article{marc2015robotics,
author = {Deisenroth, Marc and Fox, Dieter and Rasmussen, Carl},
year = {2015},
month = {02},
pages = {408-423},
title = {Gaussian Processes for Data-Efficient Learning in Robotics and Control},
volume = {37},
journal = {IEEE Transactions on Pattern Analysis and Machine Intelligence},
doi = {10.1109/TPAMI.2013.218}
}
























### writing from here 


@inproceedings{panizza2015,
  title={Black-box and grey-box identification of the attitude dynamics for a variable-pitch quadrotor},
  author={Panizza, P. and Riccardi, F. and Lovera, M.},
  booktitle={1st IFAC Workshop on Advanced Control and Navigation for Autonomous Aerospace Vehicles (ACNAAV)},
  year={2015}
}

@article{lawrence2005,
  title={Probabilistic non-linear principal component analysis with Gaussian process latent variable models},
  author={Lawrence, N.},
  journal={Journal of Machine Learning Research},
  volume={6},
  pages={1783--1816},
  year={2005}
}


@article{kanagawa2018,
  title={Gaussian processes and kernel methods: A review on connections and equivalences},
  author={Kanagawa, Masashi and Hennig, Philipp and Sejdinovic, Dino and Sriperumbudur, Bharath K},
  year={2018},
  doi={10.48550/ARXIV.1807.02582},
  url={https://arxiv.org/abs/1807.02582},
}

@book{williams2006gaussian,
  title={Gaussian Processes for Machine Learning},
  author={Williams, C. K. and Rasmussen, C. E.},
  year={2006},
  publisher={MIT Press},
  address={Cambridge, MA},
  volume={2}
}

@article{hewing2017cautious,
  title={Cautious Model Predictive Control using Gaussian Process Regression},
  author={Hewing, L. and Zeilinger, M. N.},
  journal={CoRR},
  volume={abs/1705.10702},
  year={2017},
  url={http://arxiv.org/abs/1705.10702}
}

@incollection{girard2003gaussian,
  title={Gaussian process priors with uncertain inputs: Application to multiple-step ahead time series forecasting},
  author={Girard, A. and Rasmussen, C. E. and Quiñonero Candela, J. and Murray-Smith, R.},
  booktitle={Advances in Neural Information Processing Systems 15},
  editor={Becker, S. and Thrun, S. and Obermayer, K.},
  publisher={MIT Press},
  year={2003},
  pages={545--552},
}

@techreport{girard2002gaussian,
  title={Gaussian process priors with uncertain inputs: multiple-step-ahead prediction},
  author={Girard, A. and Rasmussen, C. E. and Murray-Smith, R.},
  institution={Department of Computing Science, University of Glasgow},
  year={2002},
}

@inproceedings{quignonero2003propagation,
  title={Propagation of Uncertainty in Bayesian Kernel Models—Application to Multiple-Step Ahead Forecasting},
  author={Qui{\~n}onero-Candela, J. and Girard, A. and Larsen, J. and Rasmussen, C. E.},
  booktitle={IEEE International Conference on Acoustics, Speech and Signal Processing},
  year={2003}
}


@inproceedings{deisenroth2011pilco,
  title={PILCO: A Model-Based and Data-Efficient Approach to Policy Search},
  author={Deisenroth, M. P. and Rasmussen, C. E.},
  booktitle={Proceedings of the International Conference on Machine Learning},
  year={2011}
}
@article{mayne2000constrained,
  title={Constrained model predictive control: Stability and optimality},
  author={Mayne, D. Q. and Rawlings, J. B. and Rao, C. V. and Scokaert, P. O.},
  journal={Automatica},
  volume={36},
  number={6},
  pages={789--814},
  year={2000}
}

@article{lucia2016predictive,
  title={Predictive control, embedded cyberphysical systems and systems of systems--a perspective},
  author={Lucia, S. and Kögel, M. and Zometa, P. and Quevedo, D. E. and Findeisen, R.},
  journal={Annual Reviews in Control},
  volume={41},
  pages={193--207},
  year={2016}
}

@article{rawlings2006particle,
  title={Particle filtering and moving horizon estimation},
  author={Rawlings, J. B. and Bakshi, B. R.},
  journal={Computers \& Chemical Engineering},
  volume={30},
  number={10-12},
  pages={1529--1541},
  year={2006}
}


@book{rawlings2009model,
  title={Model Predictive Control: Theory and Design},
  author={Rawlings, J. B. and Mayne, D. Q.},
  year={2009},
  publisher={Nob Hill Publishing, Madison}
}
@article{verschueren2019acados,
  title={acados: a modular open-source framework for fast embedded optimal control},
  author={Verschueren, R. and Frison, G. and Kouzoupis, D. and van Duijkeren, N. and Zanelli, A. and Novoselnik, B. and Frey, J. and Albin, T. and Quirynen, R. and Diehl, M.},
  journal={arXiv preprint arXiv:1910.13753},
  year={2019}
}
@inproceedings{zometa2012implementation,
  title={Implementation aspects of model predictive control for embedded systems},
  author={Zometa, P. and Kogel, M. and Faulwasser, T. and Findeisen, R.},
  booktitle={American Control Conference (ACC)},
  pages={1205--1210},
  year={2012},
  organization={IEEE}
}
@article{hernandez2014switching,
  title={Switching strategies to mitigate HIV mutation},
  author={Hernandez Vargas, E. and Colaneri, P. and Middleton, R.},
  journal={IEEE Transactions on Control Systems Technology},
  volume={22},
  number={4},
  pages={1623--1628},
  year={2014}
}
@article{mayne2014model,
  title={Model predictive control: Recent developments and future promise},
  author={Mayne, D. Q.},
  journal={Automatica},
  volume={50},
  number={12},
  pages={2967--2986},
  year={2014}
}
@incollection{limon2009input,
  title={Input-to-state stability: A unifying framework for robust model predictive control},
  author={Lim{\'o}n, D. and Alamo, T. and Raimondo, D. and De La Pe{\~n}a, D. M. and Bravo, J. and Ferramosca, A. and Camacho, E.},
  booktitle={Nonlinear Model Predictive Control},
  pages={1--26},
  publisher={Springer},
  year={2009}
}
@article{limon2006stability,
  title={On the stability of constrained MPC without terminal constraint},
  author={Lim{\'o}n, D. and Alamo, T. and Salas, F. and Camacho, E. F.},
  journal={IEEE Transactions on Automatic Control},
  volume={51},
  number={5},
  pages={832--836},
  year={2006}
}

@book{luenberger1969optimization,
  title={Optimization by Vector Space Methods},
  author={Luenberger, D. G.},
  year={1969},
  publisher={Wiley, New York}
}
@article{allan2017inherent,
  title={On the inherent robustness of optimal and suboptimal nonlinear MPC},
  author={Allan, D. A. and Bates, C. N. and Risbeck, M. J. and Rawlings, J. B.},
  journal={Systems \& Control Letters},
  volume={106},
  pages={68--78},
  year={2017},
}
@article{grimm2007nominally,
  title={Nominally robust model predictive control with state constraints},
  author={Grimm, G and Messina, M J and Tuna, S E and Teel, A R},
  journal={IEEE Transactions on Automatic Control},
  volume={52},
  number={10},
  pages={1856--1870},
  year={2007},
}

@book{blanchini2008set,
  title={Set-Theoretic Methods in Control},
  author={Blanchini, Franco and Miani, Stefano},
  year={2008},
  publisher={Birkhäuser},
  address={Boston}
}
@book{kocijan2016modelling,
  title={Modelling and Control of Dynamic Systems using Gaussian Process Models},
  author={Kocijan, J.},
  year={2016},
  publisher={Springer}
}
@article{roberts2013gaussian,
  title={Gaussian processes for time-series modelling},
  author={Roberts, S. and Osborne, M. and Ebden, M. and Reece, S. and Gibson, N. and Aigrain, S.},
  journal={Philosophical Transactions of the Royal Society of London A: Mathematical, Physical and Engineering Sciences},
  volume={371},
  number={1984},
  year={2013}
}
@inproceedings{kocijan2003predictive,
  title={Predictive control with Gaussian process models},
  author={Kocijan, J. and Murray-Smith, R. and Rasmussen, C. E. and Likar, B.},
  booktitle={The IEEE Region 8 EUROCON. Computer as a Tool},
  pages={352--356},
  year={2003},
  organization={IEEE}
}
@article{likar2007predictive,
  title={Predictive control of a gas--liquid separation plant based on a Gaussian process model},
  author={Likar, B. and Kocijan, J.},
  journal={Computers \& Chemical Engineering},
  volume={31},
  number={3},
  pages={142--152},
  year={2007}
}
@inproceedings{ostafew2014learning,
  title={Learning-based nonlinear model predictive control to improve vision-based mobile robot path-tracking in challenging outdoor environments},
  author={Ostafew, C. J. and Schoellig, A. P. and Barfoot, T. D.},
  booktitle={International Conference on Robotics and Automation (ICRA)},
  pages={4029--4036},
  year={2014},
  organization={IEEE}
}
@article{klenske2016gaussian,
  title={Gaussian process-based predictive control for periodic error correction},
  author={Klenske, E. D. and Zeilinger, M. N. and Sch{\"o}lkopf, B. and Hennig, P.},
  journal={IEEE Transactions on Control Systems Technology},
  volume={24},
  number={1},
  pages={110--121},
  year={2016}
}
@article{murraysmith2003adaptive,
  title={Adaptive, cautious, predictive control with Gaussian process priors},
  author={Murray-Smith, R. and Sbarbaro, D. and Rasmussen, C. E. and Girard, A.},
  journal={IFAC Proceedings Volumes},
  volume={36},
  number={16},
  pages={1155--1160},
  year={2003}
}
@inproceedings{ortmann2017gaussian,
  title={Gaussian process-based model predictive control of blood glucose for patients with type 1 diabetes mellitus},
  author={Ortmann, L. and Shi, D. and Dassau, E. and Doyle, F. J. and Leonhardt, S. and Misgeld, B. J.},
  booktitle={Asian Control Conference (ASCC)},
  pages={1092--1097},
  year={2017},
  organization={IEEE}
}

@article{ostafew2016learning,
  title={Learning-based nonlinear model predictive control to improve vision-based mobile robot path tracking},
  author={Ostafew, C. J. and Schoellig, A. P. and Barfoot, T. D. and Collier, J.},
  journal={Journal of Field Robotics},
  volume={33},
  number={1},
  pages={133--152},
  year={2016}
}

@article{LUBSEN20233079,
title = {A Safe Bayesian Optimization Algorithm for Tuning the Optical Synchronization System at European XFEL},
journal = {IFAC-PapersOnLine},
volume = {56},
number = {2},
pages = {3079-3085},
year = {2023},
note = {22nd IFAC World Congress},
issn = {2405-8963},
doi = {https://doi.org/10.1016/j.ifacol.2023.10.1438},
author = {Jannis O. Lübsen and Maximilian Schütte and Sebastian Schulz and Annika Eichler}
}


@inproceedings{chevrel1996switched,
  title={Switched LQ controllers for DC motor speed and current control: a comparison with cascade control},
  author={Chevrel, L. and Sicot, L. and Siala, S.},
  booktitle={Proc. Power Electronics Specialists Conference PESC’96 Record.},
  pages={906--912},
  address={Baveno, Italy},
  month={June},
  year={1996}
}

@article{umeno1991robust,
  title={Robust speed control of DC servomotors using modern two degrees-of-freedom controller design},
  author={Umeno, H. and Hori, Y.},
  journal={IEEE Transactions on Industrial Electronics},
  volume={38},
  pages={363--368},
  year={1991}
}

@article{guckenheimer1980,
author = {Guckenheimer, John},
year = {1980},
month = {12},
pages = {983 - 989},
title = {Dynamics of the Van der Pol equation},
volume = {27},
journal = {Circuits and Systems, IEEE Transactions on},
doi = {10.1109/TCS.1980.1084738}
}


@misc{korda2020optimal,
      title={Optimal construction of Koopman eigenfunctions for prediction and control}, 
      author={Milan Korda and Igor Mezić},
      year={2020},
      eprint={1810.08733},
      archivePrefix={arXiv},
      primaryClass={math.OC}
}

@inproceedings{suman2016speed,
  title={Speed control of DC motor using optimization techniques based PID Controller},
  author={Suman, S. K. and Giri, V. K.},
  booktitle={2016 IEEE International Conference on Engineering and Technology (ICETECH)},
  pages={581--587},
  year={2016},
  organization={IEEE},
  address={Coimbatore, India},
  doi={10.1109/ICETECH.2016.7569318},
}

@mastersthesis{puig2016identification,
  author = {Puig Cayuela, Vicen\c{c} and Ramasubramanian, Darshan},
  title = {Identification and control of {DC} motors},
  school = {Universitat Politècnica de Catalunya},
  year = {2016},
  month = {September 5},
  url = {http://hdl.handle.net/2117/98735}
}
@misc{werner2023grt,
  author = {Werner, H.},
  title = {Introduction to Control Systems: Lecture Notes},
  year = {2023},
  howpublished = {Lecture notes},
  address = {Hamburg, Germany},
  month = {January}
}

@article{dulau2016dc,
  title={The {DC} Motor as a System Affected by Parameter Uncertainties},
  author={Dulău, Mircea and Abrudean, Mihail and Duka, Adrian-Vasile and Oltean, Stelian-Emilian},
  journal={Rev. Roum. Sci. Techn.– Électrotechn. et Énerg.},
  volume={61},
  number={2},
  pages={131--136},
  year={2016},
  address={Bucharest},
  institution={Petru Maior University of Târgu-Mureș, Technical University of Cluj-Napoca},
  email={mircea.dulau@ing.upm.ro, mihai.abrudean@aut.utcluj.ro}
}

@misc{girotti_vanderpol_lecturenotes,
  author = {Girotti, Manuela},
  title = {The Van der Pol Oscillator},
  howpublished = {Lecture Notes},
  url = {https://mathemanu.github.io/VanderPol.pdf}
}

@article{quinnonero2007approximation,
  title={Approximation Methods for Gaussian Process Regression},
  author={Qui{\~n}onero-Candela, Joaquin and Rasmussen, Carl Edward and Williams, Christopher K. I.},
  journal={Applied Games, Microsoft Research Ltd.},
  year={2007},
  month={05}
}

@mastersthesis{truong2007continuous,
  title={Continuous-time Model Predictive Control},
  author={Truong, Quan},
  year={2007},
  month={March},
  school={School of Electrical and Computer Engineering, RMIT University},
  address={Melbourne, Australia}
}


@phdthesis{maiworm2021gaussian,
  title={Gaussian Processes in Control: Model Predictive Control with Guarantees and Control of Scanning Quantum Dot Microscopy},
  author={Maiworm, Michael},
  year={2021},
  month={June},
  school={Otto von Guericke University Magdeburg, Faculty of Electrical Engineering and Information Technology},
  address={Magdeburg, Germany},
  type={Ph.D. Dissertation},
  url={https://doi.org/10.25673/38665}
}

@article{DEV20213744,
title = {Machine learning and its impact on control systems: A review},
journal = {Materials Today: Proceedings},
volume = {47},
pages = {3744-3749},
year = {2021},
note = {3rd International Conference on Computational and Experimental Methods in Mechanical Engineering},
issn = {2214-7853},
doi = {https://doi.org/10.1016/j.matpr.2021.02.281},
url = {https://www.sciencedirect.com/science/article/pii/S2214785321013808},
author = {Prabhat Dev and Siddharth Jain and Pawan {Kumar Arora} and Harish Kumar},
}

@article{silver2016mastering,
  title={Mastering the Game of Go with Deep Neural Networks and Tree Search},
  author={Silver, David and Huang, Aja and Maddison, Chris J and Guez, Arthur and Sifre, Laurent and van den Driessche, George and Schrittwieser, Julian and Antonoglou, Ioannis and Panneershelvam, Veda and Lanctot, Marc and Dieleman, Sander and Grewe, Dominik and Nham, John and Kalchbrenner, Nal and Sutskever, Ilya and Lillicrap, Timothy and Leach, Madeleine and Kavukcuoglu, Koray and Graepel, Thore and Hassabis, Demis},
  journal={Nature},
  volume={529},
  number={7587},
  year={2016},
}

@article{yahya2016collective,
  title={Collective Robot Reinforcement Learning with Distributed Asynchronous Guided Policy Search},
  author={Yahya, Ali and Li, Angjoo and Kalakrishnan, Mrinal and Chebotar, Yevgen and Levine, Sergey},
  journal={arXiv preprint arXiv:1610.00673},
  year={2016}
}

@inproceedings{schneider1997exploiting,
  title={Exploiting Model Uncertainty Estimates for Safe Dynamic Control Learning},
  author={Schneider, J G},
  booktitle={Advances in Neural Information Processing Systems},
  year={1997}
}

@phdthesis{rezvani2019gaussian,
  author = {Rezvani Arany, R.},
  title = {Gaussian Process Model Predictive Control for Autonomous Driving in Safety-Critical Scenarios},
  year = {2019},
  school = {Dissertation},
  type = {PhD Thesis}
}

@mastersthesis{Lubsen2022,
  author    = {Jannis Olaf L\"ubsen},
  title     = {Bayesian Optimization for the Control Parameters of the Optical Synchronization System at European XFEL},
  school    = {Hamburg University of Technology},
  year      = {2022},
  month     = {July 11}
}

@book{Werner2023orc,
  author    = {H. Werner},
  title     = {Optimal and Robust Control: Lecture Notes},
  year      = {2023},
  month     = {January},
  address   = {Hamburg, Germany}
}
